<?xml version="1.0" encoding="UTF-8"?><collection xmlns="http://www.loc.gov/MARC21/slim"><record><leader>00264nam--2200109-i-4500</leader><controlfield tag="001">000034561</controlfield><controlfield tag="002">20161230</controlfield><controlfield tag="005">20161230201040</controlfield><controlfield tag="008">060222s1000------------r-----000-0-eng-d</controlfield><datafield ind1=" " ind2=" " tag="245"><subfield code="a">Neutron time of flight methods</subfield></datafield><datafield ind1=" " ind2=" " tag="260"><subfield code="a">Brussels, Euratom, 1961. 601p</subfield></datafield><datafield ind1=" " ind2=" " tag="852"><subfield code="a">17794</subfield></datafield></record></collection>